2294 3834
498 82 503 90 .
532 30 590 95 181

115 213 170 256 111.
191 189 330 255 Retinet
345 197 465 252 tonum
489 187 526 250 in
542 185 674 265 ultima,
690 184 824 270 quando
840 183 946 250 dictio
965 204 1051 270 proe-

66 275 195 341 cedens
209 274 312 339 habet
328 283 464 338 acutum
489 273 525 335 in
548 270 747 356 penultima,
762 273 817 335 vel
842 271 1052 336 circumflec-

65 363 155 426 titur
168 363 204 424 in
218 360 419 447 penultimi,
431 357 527 442 eujus
541 357 665 421 ultima
677 357 847 443 positione
861 358 967 440 longa
981 367 1049 421 est:

66 457 119 526 ut,
135 446 243 527 Λόγος
270 445 328 512 e’si‘
351 443 463 529 φοῖνιξ
486 443 543 510 ἐςί.

115 602 163 644 ιν.
186 579 332 644 Inclinat
349 588 537 657 accentum,
549 577 578 640 si
593 575 789 662 praecedens
805 576 908 641 dictio
924 577 969 641 sit
985 577 1050 640 eir-

68 666 239 730 cumflexa
251 665 288 729 iu
302 662 502 750 penultima,
518 661 640 726 ultima
655 663 824 726 existente
837 661 956 728 brevi:
980 671 1029 742 ut,

157 761 286 827 Φαῦλός
311 761 368 828 ἐςι·

113 872 179 935 Vel
194 872 223 934 si
239 871 283 934 sit
298 879 417 934 acutus
432 870 467 932 in
483 866 770 954 antepenultimb:
795 878 844 950 ut,

151 967 347 1052 ’Ἄνθρωπός
369 969 428 1034 ἐςι.

112 1077 310 1161 Composita
323 1076 365 1141 ab
382 1075 448 1158 εἰμὶ
464 1087 642 1142 accentum
656 1079 854 1143 retrahunt:
878 1089 927 1160 ut,

154 1173 311 1259 Πάρειμι,
326 1175 458 1259 eadbert,
474 1174 658 1259 πάρεσμεν,
675 1179 736 1241 διο.

378 1419 523 1483 Freuun
545 1419 741 1485 Drcrrours.

113 1573 136 1614 1.
161 1551 335 1615 Prothesis
350 1561 401 1615 est
425 1552 527 1616 litera
541 1555 596 1616 vel
612 1553 743 1637 syllaba
765 1555 935 1704 grineipio
950 1559 1048 1626 dieti.

67 1638 142 1700 unis
159 1636 292 1700 addita:
316 1646 365 1715 ut,
381 1636 531 1718 τεἹωγὼν,
545 1659 608 1722 pro
629 1638 749 1721 ταγῶν,
810 1641 908 1722 τάξω,
933 1666 1050 1732 uppre-

67 1725 196 1798 lteud05
220 1720 369 1808 σμικρὸς,
378 1743 518 1806 paruae,
533 1743 596 1808 pro
608 1724 736 1811 μικρός.
924 1736 928 1743 “

110 1878 149 1919 ιι.
172 1857 363 1941 Aphaeresis
388 1866 452 1936 est,
467 1856 543 1921 culm
570 1859 683 1939 litera,
698 1861 754 1925 vel
768 1861 908 1945 syllaba,
923 1866 1048 1950 prinei·
1088 1942 1090 1946 ,

65 1941 122 2024 pio
138 1940 297 2005 dictionis
313 1942 544 2007 subtrahitur:
568 1953 617 2023 ut,

151 2035 264 2124 Ὁρτὴ,
285 2058 349 2124 pro
371 2036 476 2126 ἑορτὴ,
491 2041 629 2123 festum.

110 2195 164 2238 111.
187 2172 343 2259 Syneope
357 2175 493 2240 literam
508 2176 562 2239 vel
578 2176 743 2260 syllabam
763 2177 782 2243 ὲ
798 2180 910 2245 medio
926 2159 1048 2247 dictio·-

64 2260 117 2323 nis
132 2257 321 2324 subtrahit:
345 2270 394 2340 ut,

147 2354 294 2437 ἜγενῚο,
309 2376 371 2442 pro
388 2357 520 2438 εἠένεῖο,
536 2369 637 2423 uatus
659 2370 717 2423 est.

111 2513 158 2556 ιν.
181 2490 383 2594 lipenthesis
398 2501 461 2570 est,
478 2489 554 2554 eim
570 2491 682 2556 medio
697 2491 857 2559 dictionis
872 2494 976 2564 litera
986 2509 1048 2564 aut

63 2577 197 2661 syllaba
209 2577 448 2641 interseritur:
471 2585 522 2656 ut,
943 2616 947 2623 ·

149 2674 311 2825 Ἐἰιέαὲᾳ
322 2695 388 2825 plici
399 2674 511 2757 ἔλαθε,
523 2682 646 2763 aceepit
654 2706 669 2758 ,·
687 2679 881 2768 ὁππότερος,
891 2703 953 2771 pro
969 2683 1049 2750 ὁπό-

230 2786 298 2845 poe,
313 2784 336 2826 u
389 2809 397 2825 .

108 2918 142 2959 v.
165 2897 325 2982 Apoeupe
338 2895 405 2959 fine
421 2897 579 2962 diationis
595 2900 722 2984 aliquid
738 2900 907 2968 detrahit:
928 2913 980 2985 ut,
1059 2955 1067 2973 ..

150 2992 218 3072 Ab,
232 3012 295 3077 pro
318 2990 420 3073 δῶμα,
437 2996 574 3071 domum

150 3087 319 3170 Ποσειδῶ,
333 3110 395 3176 pro
409 3090 619 3172 Ποσειδῶνα,
635 3095 853 3179 Neptunum

148 3186 225 3272 Bpl,
239 3204 302 3274 pro
317 3188 464 3273 βρίαροι.
549 3273 572 3325 R
