2294 3834
523 67 584 144 177

101 223 242 301 Acutus,
273 222 330 304 qui
358 223 460 286 fuerit
490 226 525 286 in
552 224 741 308 penultima
780 226 1040 311 participiorum

69 308 336 386 nasculinorum,
350 308 415 370 crit
431 310 533 371 etiam
558 311 594 371 in
618 310 807 393 penultima
820 321 1040 376 neutrorum:

60 401 110 479 pt,
124 391 268 471 Ποιέων,
293 391 421 455 ωοιέον.

60 504 73 590 i
101 499 184 562 Haee
210 499 278 563 tria
302 500 415 579 verba,
439 501 475 562 in
499 501 713 586 imperativo,
740 501 827 580 ἐλθὲ,
843 508 929 582 veni,
957 504 1041 589 εὖρὲ,

71 586 181 661 numi,
198 593 232 647 et
255 582 336 662 εἰπὲ,
353 588 414 662 dic,
431 596 606 649 accentum
630 587 756 650 habent
780 588 816 649 in
839 587 982 652 ultima:
1005 590 1041 653 iu

70 669 258 753 mperativo
275 669 392 732 aoristi
407 670 546 734 secundi
561 672 664 735 medii
688 673 811 734 ultima
832 673 1042 737 circumflec-

66 752 163 816 fitur:
187 763 236 832 ut,
250 754 351 832 Πιθὲ,
374 757 492 837 τραπὲ.

60 924 63 962 Ι
97 862 339 945 Monosyllaba
365 864 401 925 in
431 865 643 950 imperativo,
674 863 750 929 crim
780 876 1040 951 componantur,

60 947 278 1033 penultimam
295 958 439 1011 acuunt:
463 959 512 1028 ut,
533 947 685 1014 Ἀπόδος.

100 1056 141 1120 In
169 1056 337 1120 infinitivo
378 1055 553 1120 amborum
589 1059 793 1121 nonistorum
830 1059 1041 1144 passivorum

60 1142 244 1228 penultima
258 1142 557 1205 circumflectitur:
581 1153 630 1221 ut,
647 1143 828 1228 Τυφθῆναι,
844 1146 996 1224 τυπῆναι.
1014 1196 1018 1205 ,

97 1251 237 1329 Acristi,
253 1261 288 1313 et
313 1251 416 1314 futuri
442 1252 582 1318 secundi
606 1253 721 1331 activi,
746 1254 869 1316 ultima
893 1254 1038 1317 circum·

60 1336 207 1401 lectitur
220 1361 232 1415 :v
251 1346 301 1416 ut,
317 1334 442 1399 τυπεῖν.

100 1445 140 1506 ln
168 1443 332 1524 singulari
356 1463 499 1505 numero
526 1442 729 1525 subjunctivi
752 1444 873 1506 ultima
895 1445 1037 1509 circum-

59 1529 228 1594 lectitur:
250 1538 300 1606 ut,
317 1526 448 1611 Τυφθῶ,
469 1527 603 1612 τυφθῇς,
625 1529 727 1607 τυπῶ,
748 1530 861 1625 wirric-
937 1593 941 1599 ,

98 1640 139 1701 ln
154 1636 257 1714 duali,
269 1644 303 1698 et
317 1635 453 1718 plurali,
468 1637 656 1720 penultima
669 1636 966 1699 circumflectitur:
987 1647 1037 1716 nt,
1074 1630 1077 1641 ’

60 1724 224 1802 Γυπῆτον,
240 1721 403 1798 τυπῶμεν,
420 1727 477 1798 850.

98 1828 261 1892 infinitivi
287 1827 405 1889 aoristi
449 1827 527 1889 rimi
552 1826 665 1904 activi,
689 1825 941 1910 praeteritorum
965 1846 1037 1891 om-

60 1916 159 1991 nium,
176 1912 294 1975 aoristi
314 1930 417 1974 secun
443 1911 450 1926 ⁸
477 1910 592 1987 medii,
608 1919 642 1973 et
667 1911 843 1994 praesentis
858 1910 1037 1975 verborum

61 2021 87 2064 n
103 2022 154 2078 μι,
168 1996 390 2080 penultimam
406 2004 552 2057 acuunt:
576 2004 626 2073 ut,

138 2091 355 2172 ’Amudarsa
382 2089 558 2175 τεΊυφέναι,
583 2088 746 2174 τεΊύφθαι,
772 2088 950 2170 τεῚυπὲναι,
978 2115 1035 2154 τυ·

183 2175 319 2257 πὲσθαι,
341 2175 479 2240 τιθέναι·

94 2287 171 2352 Nisi
184 2286 373 2370 penultima
396 2285 440 2346 sit
464 2285 570 2366 longa
594 2283 726 2361 natura,
740 2293 822 2348 tunc
837 2285 928 2347 enim
951 2304 1035 2368 pen-

60 2375 175 2440 iltima
189 2369 463 2435 circumflectitur
476 2392 484 2429 ε
507 2377 556 2446 ut,
571 2367 802 2460 Hepnnicfflaa
818 2367 950 2431 ἀκὲσαι.

97 2485 138 2547 In
163 2479 274 2543 verbis
304 2476 499 2555 contractis,
528 2475 658 2558 syllaba
684 2475 917 2538 contractione
945 2475 1036 2539 iacta

60 2564 342 2641 zircumflectitur,
358 2561 422 2625 nisi
447 2559 599 2645 quaedam
624 2560 821 2641 regularum
842 2559 1035 2644 praecedcn-

60 2658 140 2721 ‚ium
155 2647 405 2733 repugnaverit.

98 2763 139 2826 ln
153 2756 257 2823 tertia
269 2754 415 2857 persona
427 2754 551 2855 plurali
565 2754 740 2838 praesentis
755 2752 935 2818 verborum
950 2754 986 2815 in
996 2778 1035 2832 μι

60 2845 244 2915 penultima
259 2841 556 2905 circumflectitur:
580 2848 629 2916 ut,

60 2929 63 2936 ’
142 2937 283 3045 mppr,
306 2935 425 3015 διδὲσι,
448 2933 547 3014 ἱςᾶσι,
573 2933 731 3017 ζευγνῦσι·
756 2935 874 3021 excipe
891 2930 967 3011 εἰσὶ,
993 2931 1034 2997 ab

188 3047 265 3104 ειμι,
281 3044 363 3089 sarm.
