2294 3834
572 92 634 172 197

427 308 573 372 Frouaur
596 307 768 371 Porrrrcu.

34 453 43 497 r
77 521 79 525 ι
146 437 174 502 l.
197 438 334 522 systole
346 435 385 524 (i.
397 461 424 504 a.
440 441 643 520 contractio,
657 439 714 505 rel
728 436 925 524 correptio)
939 443 1003 514 est,
1015 429 1091 499 cum

98 521 231 606 syllaba
244 523 350 607 longa
364 527 565 613 corripitur:
587 536 636 607 nt,

176 618 242 686 ‘'Iv’
265 621 434 706 ἐγείρομεν
456 623 535 707 ὀξὺν
553 622 669 709 Ἀρῆα·

191 717 237 783 Ut
250 723 426 786 excitemus
439 744 546 787 acram
560 724 718 787 Martem.

139 825 173 891 2.
195 827 339 911 Ectasis,
357 829 397 916 (i.
413 853 440 895 e.
457 833 623 911 extensio,
633 831 690 896 vel
705 828 875 913 diastole)
894 846 969 914 quae
983 827 1088 912 sylla-

34 969 40 1013 Ι
94 909 175 977 bam
187 911 327 980 brevem
340 915 521 1000 producit:
545 927 595 997 ut,

181 1009 259 1092 Δὸς,
273 1009 320 1094 pud
341 1010 519 1096 Ὀδυσσῆα
537 1012 767 1099 ωΊολίπορθον
787 1005 893 1079 οἴκαδ’
918 1009 1063 1076 ἱκέσθαι·

65 1170 69 1175 .
179 1108 250 1189 Da,
262 1119 302 1173 ut
318 1111 460 1196 b'lysaca,
471 1113 604 1178 arbium
618 1111 900 1191 evacuationem
915 1128 1087 1194 nunquam

222 1197 330 1259 redire
342 1199 461 1280 possit.

34 1346 42 1396 ,
135 1304 168 1369 3.
191 1304 474 1392 Syneophonesis,
491 1306 532 1372 de
549 1306 617 1392 qut
631 1303 734 1392 suprd
746 1307 783 1370 in
798 1304 987 1371 scansione.

34 1400 39 1513 l
91 1411 1083 1586 „trabanttteetetaetcttttnt

89 1582 190 1668 hujus
204 1602 284 1648 usus
310 1594 363 1649 est
387 1586 424 1649 in
450 1585 574 1652 lambis
598 1597 633 1651 et
646 1582 853 1664 lbochaicis,
869 1585 956 1650 sicut
970 1595 1006 1648 et
1029 1602 1081 1648 se-

88 1669 265 1754 quentium
280 1668 444 1734 duarum:
467 1681 516 1752 ut,

174 1767 363 1855 Μάρτυρες,
385 1767 581 1855 σοφώταΊοι.
625 1766 764 1834 Pindar.

127 1880 161 1944 5.
183 1879 496 1964 Brachycatalexis,
519 1879 586 1965 qut
610 1877 750 1964 syllaba
775 1876 896 1943 finales
917 1876 1003 1958 dua,
1019 1879 1078 1942 boc

84 1974 144 2047 est,
159 1965 295 2048 integer
307 1985 380 2052 pes,
396 1964 651 2031 desiderantum
675 1972 725 2044 ut,

169 2061 251 2144 Ζεῦ,
266 2061 350 2127 reci*
362 2061 425 2149 γὰρ
447 2059 540 2149 ὧραι.
585 2062 722 2130 Pindar.

125 2174 158 2240 6.
181 2173 485 2261 Hypercatalexis,
499 2172 540 2259 (i.
555 2196 582 2238 c.
607 2173 884 2261 superabundans
913 2173 1074 2239 termina-

82 2260 158 2342 tio,)
198 2259 243 2324 ut
256 2258 388 2345 syllaba
400 2269 527 2345 prater
541 2259 670 2343 justam
686 2261 941 2348 dispositionem
957 2278 1072 2344 super·

82 2280 255 2411 abundat:
277 2356 327 2426 ut,
341 2342 404 2410 Ἐν
424 2343 532 2431 ἁμέρᾳ
557 2344 695 2430 φαεινὸν
715 2345 826 2433 depost

124 2455 156 2533 7.
179 2456 358 2541 Enallage,
374 2455 442 2542 qui
458 2474 524 2604 pes
547 2474 611 2540 pro
636 2454 723 2541 pede
748 2456 908 2542 ponitur3
931 2464 981 2536 ut,
996 2452 1070 2520 curn

78 2539 258 2627 spondaeus
273 2542 309 2605 in
325 2543 442 2627 quinto
473 2559 535 2605 oco
551 2542 778 2624 constituitur,
790 2539 980 2627 cujusmodi
994 2560 1070 2606 ver·

78 2646 136 2692 sus
151 2625 326 2714 spondaiai
340 2636 526 2693 vocantur:
548 2636 597 2709 ut,

164 2722 383 2836 ’Apddpepou
397 2722 564 2804 βασιλεύς
577 2721 606 2789 τ’
621 2723 758 2809 dryadia,
774 2724 925 2813 cpaiepde
947 2723 975 2790 τ’
992 2724 1068 2813 αἰχ-

207 2836 323 2892 tvtfdt·

118 2919 151 2985 8.
173 2919 335 3005 Dialysis,
362 2916 401 3005 (i.
417 2942 445 2984 c.
469 2919 672 3013 dissolutio)
703 2922 770 3010 qud
797 2921 911 3002 dictio,
935 2922 972 2985 in
1001 2922 1067 2988 fine

76 3005 199 3091 posita,
214 3005 264 3069 ita
283 3005 491 3088 distrahitur,
504 3018 543 3072 ut
556 3028 718 3095 unapars
740 3009 777 3074 iu
796 3007 1009 3094 precedente
1025 3010 1069 3074 sit

76 3109 189 3170 versu,
206 3090 315 3155 altera
326 3091 363 3154 in
376 3093 544 3180 principio
559 3096 752 3180 sequentis:
774 3103 824 3176 ut,

166 3173 243 3240 Οὐδ’
268 3174 416 3256 ἀπίθησε
441 3175 502 3258 νὶν,
526 3178 618 3243 ἆλ-

159 3258 193 3327 λ’
219 3257 316 3349 ἥρωι,
340 3261 391 3328 ἐπ’
415 3262 690 3405 ἀκῖάσιὸξορῶν.
