2294 3834
521 224 580 307 175

10 409 46 469 ι
93 381 231 481 ,Excipe
244 385 422 472 participia
436 385 688 470 monosyllaba:
710 396 761 466 nt,

147 483 235 562 Θεὶς,
259 483 380 563 Sirion,
403 482 501 548 δένΊι·
525 481 581 562 ὢν,
600 480 696 560 tutos,
724 483 797 547 ὅνΊι·
821 485 904 546 item
920 483 1043 568 geniti-

186 589 257 648 VOS,
284 567 426 647 παίδων,
443 567 573 675 Τρώων,
598 567 740 646 ωάνΊων,
768 565 887 654 δᾴδων,
914 567 1042 650 δμώων,

10 683 45 761 bl
183 651 292 736 ὃῴων,
308 652 410 732 ὤτων,
426 657 543 737 φωτων
555 650 765 736 (luminum):
780 672 857 714 nam
873 655 1044 735 monosyl-

10 769 43 835 Β
78 775 80 778 -
185 736 262 800 laba
276 739 495 801 circumflexa
508 739 657 800 retinent
672 746 791 799 tonum
805 738 840 798 in
855 740 979 822 priore.

10 868 39 931 „¹
100 845 157 909 Sic
179 848 268 909 πᾶσι
293 843 314 909 a
337 847 416 910 ωᾶν·
439 848 522 909 item
547 846 595 909 ric
614 846 899 927 interrogativum
921 856 1040 909 tonum

52 927 157 994 habet
172 931 208 993 in
232 932 345 1016 priore
371 950 431 1015 per
457 950 574 992 omnes
598 950 693 993 casus
704 956 714 1009 3
739 930 798 993 sed
823 927 873 993 ric
887 931 1040 993 indefini-

51 1025 140 1093 tum,
157 1024 191 1077 et
207 1016 411 1092 encliticam,
427 1024 546 1076 tonum
561 1014 663 1077 habet
689 1034 822 1099 semper
834 1014 871 1076 in
894 1015 1038 1099 posteri-

10 1172 21 1205 *
52 1101 108 1162 ori
136 1099 276 1181 syllaba,
305 1109 531 1184 praeterquam
558 1098 617 1161 ubi
647 1100 772 1161 amittit
801 1119 878 1161 eum
907 1099 1039 1161 ratione

49 1185 293 1247 inclinationis.

96 1293 254 1355 Vocativi
269 1293 303 1353 in
319 1315 365 1370 εν,
382 1300 415 1354 et
432 1315 473 1369 οι,
489 1290 820 1354 circumflectuntur:
844 1298 894 1367 ut,

182 1387 207 1452 a!
225 1387 384 1467 βασιλεῦ,
405 1385 430 1450 ὦ
452 1386 568 1466 Λητοῖ,
590 1384 614 1449 (ὃ
635 1385 766 1469 Γοργοῖ.
801 1413 804 1419 ι

97 1524 157 1586 IV.
181 1510 399 1585 Substantiva
426 1519 536 1582 tertiae
565 1527 599 1581 et
636 1528 766 1601 quartae
802 1516 1037 1579 declinationis

48 1616 305 1671 contractorum
321 1614 497 1667 accentum
512 1602 637 1665 habent
652 1602 687 1663 in
702 1600 844 1663 ultimi:
869 1608 918 1676 ut,

180 1701 289 1782 Λητὼ,
312 1700 418 1765 αἰδώς·
443 1698 619 1778 βασιλεὺς,
642 1694 774 1761 Τυδεύς.

271 1966 325 2027 De
345 1962 541 2026 Accentthus
563 1961 812 2022 Pronominum.

94 2100 222 2161 Acutus
236 2098 272 2158 in
296 2094 417 2157 ultima
441 2091 651 2170 nominativi,
667 2091 703 2152 in
719 2089 832 2153 dativo
849 2096 883 2151 et
899 2106 1034 2154 aecusa-
1087 2127 1089 2130 >

47 2185 123 2248 tiro
138 2182 303 2263 singulari
317 2178 489 2243 manebit:
514 2187 563 2255 ut,

136 2277 236 2360 Ἐγὼ,
264 2277 347 2359 ἐμοὶ,
377 2275 442 2356 ἐμέ·
472 2277 511 2339 In
540 2273 689 2357 genitivo
719 2270 892 2354 singulari,
918 2280 952 2334 et
974 2291 1035 2355 per

179 2374 290 2428 totum
318 2363 484 2447 pluralem
511 2379 701 2436 numerum,
726 2365 880 2420 mutatur
905 2355 941 2417 in
969 2355 1033 2417 cir-

68 2489 73 2495 »
180 2449 404 2512 cumflexum:
428 2454 477 2524 ut,

136 2543 232 2627 Ἐμὲ,
260 2543 363 2624 ἡμεῖς,
392 2543 492 2622 ἡμῶν,
521 2538 608 2619 ἡμῖν,
637 2539 730 2617 ἡμᾶς·
769 2537 808 2598 ln
830 2533 931 2598 -duali
957 2544 1033 2596 toto

178 2630 384 2693 retrahitur:
409 2636 458 2705 ut,
475 2626 580 2708 Σφῶῑ,
603 2624 670 2700 νῶῑ,
696 2621 782 2683 νῶῑν.

92 2739 300 2804 Pronomina
320 2734 406 2815 ἔτος,
430 2731 537 2812 αὐτὸς,
553 2741 587 2796 et
612 2729 745 2807 ἐκεῖνος,
762 2737 949 2812 sequuntur
962 2726 1032 2788 for-

45 2845 140 2890 mam
155 2843 342 2887 nommum.

92 2934 175 2997 Post
189 2941 384 3017 paragogen
399 2929 437 2991 τέ
462 2952 510 3006 γε,
526 2936 627 2988 tonus
642 2922 850 2987 retrahitur:
874 2928 923 2997 ut,

130 3027 274 3110 Ἔγωγε,
301 3025 421 3106 ἔμονγε·
445 3025 566 3087 ultima
579 3031 655 3107 post
670 3020 817 3093 Atticam
836 3033 1030 3101 paragogen

177 3114 215 3177 τέ
239 3113 418 3176 tacuitur:
442 3117 491 3187 ut,
507 3105 613 3170 ἐτοσί.

91 3221 307 3299 Pronomina‚
322 3236 421 3304 passa
433 3233 627 3301 paragogen
654 3220 688 3275 et
703 3226 882 3292 syncopen,
897 3206 933 3268 in
948 3225 1030 3291 pen·-

44 3306 169 3372 ultima
183 3315 371 3370 acuuntur:
395 3312 444 3378 ut,
459 3296 610 3378 Ἐμὲθεν
