2294 3834
488 68 549 145 177

66 225 208 303 Aratus,
237 224 295 307 qui
323 224 425 287 fuerit
455 227 491 287 in
517 226 706 309 penultimi
745 226 1005 311 participiorum

60 311 301 388 asculinorum,
316 310 381 371 erit
396 311 499 372 stiam
523 312 558 372 in
584 310 772 394 penultima
785 321 1005 376 neutrorum:

60 416 75 473 ς,
89 393 233 473 Ποιέων,
258 393 387 457 ωοιέον.

66 501 149 564 Haee
175 501 243 564 tria
267 502 380 581 verba,
405 502 440 564 in
464 502 678 587 imperativo,
705 501 793 582 ἐλθὲ,
808 508 894 584 veni,
923 504 1006 589 εὑρὲ,

60 589 146 664 veni,
163 596 197 649 et
220 584 301 664 εἰπὲ,
318 590 379 664 dic,
396 598 572 650 accentum
595 587 722 651 habent
745 588 781 650 in
804 588 947 651 ultima:
970 590 1007 653 in

60 671 223 755 iperativo
240 671 358 734 aoristi
373 672 512 735 secundi
526 672 630 736 medii
654 674 776 735 ultima
797 673 1008 737 circumflec-

60 776 128 819 tur:
152 766 202 834 ut,
216 755 316 834 Πιθὲ,
340 758 457 839 τραπὲ.
926 790 929 796 ·

63 865 304 947 Monosyllaba
331 866 367 927 in
396 866 608 951 imperativo,
639 864 716 929 clun
746 876 1005 951 componantur,

60 949 244 1012 enultimam
260 960 405 1012 acuunt:
430 959 478 1029 ut,
499 948 651 1015 Ἀπόδος.

66 1058 107 1122 ln
135 1058 303 1122 infinitivo
344 1056 519 1121 amborum
554 1059 758 1122 aoristorum
796 1058 1007 1144 passivorum

60 1145 209 1207 :nultima
224 1144 523 1207 circumflectitur:
547 1153 595 1222 ut,
613 1143 794 1227 Τυφθῆναι,
809 1146 962 1223 τυπῆναι.
980 1196 984 1205 ,

63 1253 203 1332 Antisti,
219 1262 253 1316 et
278 1253 382 1315 futuri
408 1253 548 1321 secundi
572 1254 686 1331 activi,
711 1254 835 1316 ultima
859 1254 1004 1317 ennum-

60 1339 173 1402 entitur
186 1363 197 1417 :⁴
217 1348 267 1418 ut,
283 1336 408 1401 τυπεῖν.

65 1448 106 1509 ln
134 1445 298 1527 singulari
323 1464 465 1508 numero
492 1444 695 1526 subjunctivi
718 1445 839 1507 ultima
860 1444 1003 1509 circum-

60 1531 193 1595 tctitur:
216 1540 266 1609 ut,
283 1529 414 1613 Τυφθῶ,
435 1529 569 1613 τυφθῇι,
591 1530 693 1608 τυπῶ,
714 1530 827 1610 τυπῇι.
903 1593 907 1599 ,

64 1643 104 1704 ln
120 1638 223 1716 duali,
234 1645 269 1700 e't
283 1637 419 1720 plurali,
434 1638 621 1721 penultima
635 1636 932 1700 circumflectitur:
953 1647 1003 1715 ut,
1040 1630 1043 1639 ’

60 1726 190 1803 miror,
206 1723 369 1800 τυπῶμεν,
386 1728 443 1799 850.
692 1762 695 1770 .

64 1830 228 1894 Infinitivi
253 1829 371 1891 aoristi
416 1828 494 1889 rimi
519 1827 631 1905 activi,
656 1826 907 1910 praet'eritorum
931 1846 1003 1891 om-

60 1936 125 1994 nm,
142 1914 260 1977 aoristi
280 1849 419 1976 secumii
443 1911 558 1988 medii,
574 1920 608 1973 et
633 1911 809 1995 praesentis
824 1910 1003 1975 verborum

70 2025 120 2080 μι,
134 1998 357 2083 penultimam
372 2006 496 2059 acuunt
511 2020 518 2056 :
542 2005 592 2073 ut,

104 2093 322 2174 ’Amudarsa
348 2091 524 2176 τεΊυφέναι,
549 2089 712 2175 τεΊύφθαι,
738 2088 917 2170 τεΊυπὲναι,
944 2115 1001 2154 τυ·

149 2177 286 2258 tricilar,
307 2176 445 2242 τιθέναι·

60 2290 137 2355 Nisi
151 2288 338 2373 penultima
362 2287 406 2348 sit
431 2286 536 2367 longa
560 2284 692 2362 natura,
707 2294 788 2348 tunc
804 2285 895 2348 enim
917 2304 1002 2369 pen·

60 2377 141 2440 tima
155 2371 429 2436 circumflectitur
443 2394 450 2431 :
473 2379 523 2447 ut,
537 2368 768 2459 Πεφιλῆσθαι,
784 2367 916 2431 ararat.

63 2487 104 2549 ln
130 2480 241 2546 verbis
270 2478 465 2556 contractis,
495 2476 625 2558 syllaba
650 2475 884 2539 contractione
912 2475 1003 2540 iacta

60 2567 309 2643 reumflectitur,
323 2563 389 2626 nisi
413 2561 566 2647 quaedam
591 2561 787 2642 regularum
809 2559 1001 2645 praeceden-

59 2675 107 2719 1m
121 2649 371 2737 repugnaverit.

64 2766 105 2829 ln
119 2758 223 2826 tertia
236 2756 382 2843 persona
394 2756 518 2840 plurali
531 2755 707 2839 praesentis
721 2753 902 2821 verborum
916 2754 952 2815 in
963 2777 1003 2832 μι

60 2847 211 2913 nultima
225 2841 523 2906 circumflectitur:
546 2848 596 2917 ut,

109 2940 250 3046 wfz‘rn’
273 2937 391 3017 διδὲσι,
414 2935 513 3015 ἱςᾶσι,
539 2934 698 3018 §evurtio-t·
723 2936 841 3021 excipe
858 2931 934 3011 εἰσὶ,
959 2931 1001 2997 ab

155 3049 232 3106 ειμι,
248 3046 330 3089 sam.
