2294 3834
535 120 594 203 175

10 299 63 365 η
108 274 244 375 ‘Excipe
259 279 436 367 participia
449 283 702 366 monosyllaba:
725 294 774 364 ut,

160 376 248 456 Geir,
272 377 393 457 atrior,
417 377 515 443 Seria·
539 377 594 459 ὢν,
613 377 709 458 ivios,
738 381 811 445 <inlr
834 384 916 446 item
933 383 1056 466 geniti·

199 482 271 541 VOS,
297 462 439 541 παίδων,
456 467 486 526 Τ
504 463 587 542 ὠων,
612 464 753 544 adulor,
782 463 900 552 δᾴδων,
927 466 1055 549 δμώων,

10 600 29 654 3
46 576 54 642 p
195 544 305 630 ᾖῴων,
321 546 424 627 ὤτων,
439 552 556 632 φωτων
568 547 778 633 (luminum):
793 570 871 613 nam
885 555 1057 635 monosyl-

10 662 51 729 Η
197 630 275 694 laba
289 634 508 696 circumflexa
521 635 670 696 retinent
685 644 804 697 tonum
818 636 854 696 in
868 639 992 720 priore.

10 762 48 825 „³
113 738 170 802 Sic
192 742 281 803 πᾶσι
306 737 327 803 a
350 743 428 806 mciv·
452 743 534 804 item
559 742 608 806 rte
627 742 912 825 interrogativum
935 755 1053 808 tonum

10 878 43 923 Ι
65 820 171 886 habet
184 825 220 886 in
245 827 358 910 priore
383 847 445 911 per
470 846 586 889 omnes
611 847 706 890 casus
717 854 727 906 3
752 828 811 891 sed
836 826 886 892 ris
900 827 1053 892 indefini-

64 918 153 986 tum,
170 917 203 971 et
220 911 423 988 enelitioum‚
439 920 558 972 tonum
573 912 675 973 habet
702 932 835 997 semper
847 913 884 974 in
907 915 1051 997 posteri-

64 993 121 1055 ori
148 993 288 1074 syllaba,
318 1005 543 1079 praeterquam
571 995 630 1057 ubi
659 998 785 1059 amittit
813 1017 891 1059 eum
919 999 1052 1060 ratione

10 1066 29 1119 ·'
62 1078 306 1141 inclinationis.

109 1187 266 1249 Voeativi
281 1188 315 1248 in
331 1211 377 1264 ευ,
394 1196 427 1249 et
444 1211 486 1266 οι,
501 1187 832 1251 circumflectuntur:
856 1196 906 1265 ut,

194 1281 219 1346 ὢ
237 1283 396 1362 βασιλεῦ,
417 1281 442 1347 ὦ
464 1283 580 1363 Λητοῖ,
602 1281 626 1346 ὦ
647 1284 778 1368 Γοργοῖ.

109 1417 168 1479 lV.
193 1404 411 1479 Substantiva
438 1416 548 1479 tertiae
577 1423 611 1477 et
649 1425 777 1497 quartae
813 1414 1049 1478 declinationis

60 1509 317 1564 contractorum
333 1509 508 1562 accentum
523 1498 648 1561 habent
663 1499 698 1560 in
714 1498 835 1561 ultima
849 1523 856 1560 :
880 1507 929 1576 ut,

192 1595 301 1675 Λητὼ,
323 1594 430 1660 αἰδώς·
455 1594 630 1674 βασιλεὺς,
654 1592 786 1659 Τυδεύς.

282 1860 336 1921 De
356 1858 552 1921 [recentibus
574 1858 823 1919 Pronomr'num.

105 1993 233 2054 Aoutus
248 1991 283 2052 in
306 1989 428 2052 ultima
452 1988 661 2067 nominativi,
678 1988 713 2049 in
729 1986 844 2051 dativo
860 1995 894 2049 et
910 2005 1045 2053 accusa·

58 2079 133 2139 tivo
149 2076 313 2157 singulari
328 2074 477 2138 manebit
492 2099 499 2135 :
523 2083 574 2152 ut,

146 2171 246 2253 Ἐγὼ,
274 2171 357 2253 ἐμοὶ,
387 2171 452 2252 ἐμέ·
483 2174 522 2235 ln
550 2170 699 2253 genitivo
729 2169 902 2252 singulari,
928 2180 962 2234 et
984 2191 1045 2256 per

189 2267 300 2321 totum
328 2258 494 2342 pluralem
521 2276 711 2334 numerum,
736 2264 890 2318 mutatur
915 2255 951 2317 in
979 2255 1043 2317 eir-

190 2344 414 2406 cumflexum:
438 2350 487 2419 ut,

145 2437 242 2518 Ἐμὲ,
270 2437 373 2517 ἡμεῖς,
401 2438 502 2516 ἡμῶν,
530 2434 619 2515 ἡμῖν,
647 2435 740 2514 ἡμᾶς’
779 2435 818 2496 ln
843 2432 941 2496 duali
967 2444 1042 2497 toto

188 2523 393 2586 retrahitur:
418 2531 467 2600 ut,
484 2521 589 2604 Σφῶῖ,
613 2521 680 2597 νῶῑ,
705 2519 792 2580 νῶῖν.

103 2633 310 2697 Pronomina
330 2628 416 2709 ἔτος,
439 2627 546 2708 αὐτὸς,
563 2638 596 2692 et
621 2625 754 2705 ἐκεῖνος,
771 2635 958 2710 sequuntur
972 2626 1041 2689 ior-

56 2737 149 2782 mam
165 2737 351 2781 nommum.

102 2827 184 2890 Post
198 2836 392 2910 paragogen
408 2824 446 2887 τέ
470 2847 519 2902 γε,
536 2832 636 2885 tonus
652 2820 859 2883 retrahiturz
883 2827 932 2896 ut,

139 2920 282 3003 Ἔγωγε,
310 2919 430 3001 ἔμοιιγε·
454 2919 575 2982 ultima
587 2927 664 3003 post
679 2917 826 2991 Atticam
845 2933 1039 3000 paragogen

186 3007 224 3070 τέ
248 3032 260 3069 ι
275 3007 427 3069 aeuitur:
450 3012 500 3082 ut,
515 3001 622 3065 ἑτοσί.

100 3114 316 3191 Pronomina
330 3131 429 3197 passa
442 3128 636 3197 paragogen
662 3117 696 3170 et
711 3124 890 3190 syncopen,
905 3105 941 3166 in
956 3125 1039 3190 pen-

55 3199 177 3264 ultima
192 3207 380 3263 acuuntur:
403 3206 452 3274 ut,
467 3192 618 3273 Ἐμέθεν·
