2294 3834
546 127 607 224 n.

346 284 677 527 {Synecphonesio
694 294 746 349 est
762 285 917 354 duumm
934 288 1072 375 syllaba·

84 345 124 390 11·
146 324 323 494 ξέἲέξὲῗέ
427 391 504 434 mm
517 372 554 435 in
568 391 670 436 unam
691 375 892 439 contractio
907 400 916 438 ε
942 385 995 458 ut,
1011 378 1074 442 Ho-

427 479 547 545 mm,

164 562 306 714 vagbq)
329 565 395 630 ἀνὰ
417 566 579 653 σκήπῖρῳ,
595 565 651 630 καὶ
674 567 826 633 enimn
850 571 988 638 fluviae
1001 570 1074 659 Ἀχ-

207 674 230 713 a
264 671 290 716 t·

167 751 249 852 Cunt
264 770 365 814 aureo
384 760 520 836 sceptro,
536 760 568 815 et
586 753 785 835 supplicavit
800 755 961 818 omnihus
977 758 1074 821 Acti-

209 856 270 899 ms.

122 989 177 1032 111.
199 969 361 1035 Diaeresis
376 980 439 1051 est,
454 969 514 1036 ubi
528 989 573 1036 ex
589 969 658 1036 unt
672 968 804 1056 syllaba
819 971 978 1041 dissecta
991 977 1076 1042 finnt

79 1052 176 1118 duae:
199 1065 237 1119 ut

164 1102 263 1233 utt’e,
278 1172 341 1238 pro
356 1151 448 1218 maie·
473 1150 612 1238 ἐΰφρων,
626 1172 689 1239 pro
705 1152 846 1241 εὔφρων,
861 1154 1009 1222 benevot
1049 1206 1057 1222 .

121 1303 169 1346 1v.
192 1282 329 1347 caesura
343 1280 493 1363 osteum,
504 1292 582 1368 post
596 1283 718 1370 pedem
732 1283 930 1351 absolutum
942 1280 1077 1374 syllaba

77 1367 189 1432 brevis
213 1367 249 1431 in
274 1369 341 1432 fine
366 1368 526 1434 dictionis
551 1370 750 1435 extenditur
761 1396 771 1452 3
796 1391 906 1458 euque
929 1375 971 1439 fit
987 1375 1076 1462 apud

78 1453 215 1518 Graecos
238 1463 317 1540 pou
340 1455 499 1540 primum,
515 1456 710 1538 seeundum,
725 1458 880 1539 tertium,
897 1470 1074 1544 quartum,

78 1547 112 1601 et
128 1539 231 1603 etiam
247 1540 412 1626 quintum,
426 1540 559 1626 pedem.
1012 1569 1017 1576 ·

437 1837 705 1921 QUANTITAS.

119 1995 314 2083 Ancipitum
350 1997 531 2061 Vocelium
569 1996 750 2078 Quantitas
792 1993 912 2059 decem
956 1996 1072 2061 modis

78 2083 319 2165 cognoscitur:

167 2192 195 2255 l.
220 2191 414 2255 Positione:
654 2192 686 2256 6.
710 2191 958 2255 Derivatione:

162 2292 194 2356 2.
218 2289 340 2355 Vooali
355 2299 433 2353 ante
448 2289 602 2354 vocalem
619 2313 626 2351 :
650 2288 682 2366 7.
706 2289 987 2374 compositione:

163 2393 196 2456 3.
219 2392 391 2456 Accentu:
651 2389 683 2454 8.
707 2389 947 2452 lucremento:

164 2493 196 2553 4.
220 2489 483 2554 Contractione:
650 2489 683 2552 9.
706 2484 857 2568 Regulo:

164 2590 196 2651 5.
219 2589 403 2653 Dialeoto:
634 2585 683 2649 10.
707 2583 887 2668 Exemplo,
904 2602 966 2648 seu
977 2589 1070 2652 Aue·

766 2681 920 2744 toritate.

120 2883 138 2918 u
155 2883 219 2941 Sive
233 2879 388 2956 Synaeresis
400 2898 408 2946 3
429 2886 474 2945 ut,
487 2879 580 2949 τείχεϊ,
594 2877 814 2949 τείχει-Οΐαείθ
829 2882 928 2951 τείχεα,
943 2885 1033 2955 τείχη,
