2294 3834
275 261 370 349 Sing.
672 338 675 342 ,
769 274 864 362 Sing.

113 345 158 411 N.
181 344 218 412 τὸ
235 349 344 431 σῶμα,
616 356 659 422 Ν.
683 355 821 442 ὄτιτὰν,
845 360 851 368 ’

113 433 154 498 G.
178 434 217 498 τὲ
233 435 398 518 σώματος,
617 441 657 506 G.
680 444 719 507 τὲ
733 448 876 530 τιτᾶνοτ,

111 518 156 583 Ι).
180 521 228 606 τῷ
243 520 384 604 σώματι,
469 538 474 547 ’
614 529 659 595 D.
683 530 730 615 τῷ
743 533 861 615 τιτᾶνι,

110 606 150 670 A.
174 603 214 669 τὸ
231 607 338 688 σῶμα,
613 615 654 678 A.
677 611 737 680 τὸν
751 618 876 700 τιτᾶνα,

109 691 153 758 V.
176 689 203 758 ni
217 693 326 774 σῶμα.
614 699 657 766 V.
679 697 707 766 οἳ
721 699 828 766 τιτὰν.

261 855 364 919 Dual.
763 865 867 929 Dual.

111 939 155 1004 N.
169 940 209 1005 A.
231 938 277 1004 τὼ
292 940 439 1022 σώματι,
611 946 655 1012 Ν.
670 948 711 1013 Α.
733 947 780 1014 τὼ
795 951 918 1033 τιτᾶνε,

110 1025 152 1089 G.
169 1026 211 1091 D.
233 1024 308 1091 τοῖν
323 1026 505 1111 σωμάτοιν,
613 1031 653 1097 G.
668 1033 712 1098 D.
734 1034 809 1100 τοῖν
822 1037 981 1119 τιτάναιν,

108 1111 152 1176 V.
240 1109 429 1196 ὦσώριατε.
610 1118 654 1185 V.
735 1118 899 1190 ὤτιτᾶνι.

245 1274 374 1340 Plural.
749 1284 875 1353 Plural.

105 1360 149 1425 N.
173 1358 216 1425 τὰ
231 1360 383 1444 σώματα,
606 1366 650 1433 N.
674 1367 707 1432 αἱ
720 1371 860 1453 τιτᾶνας,

105 1445 146 1510 G.
168 1445 236 1511 τῶν
251 1446 428 1530 σωμάτων,
608 1452 648 1517 G.
672 1454 738 1519 τῶν
752 1456 905 1541 τιτάυων,

104 1533 148 1597 Ι).
172 1531 243 1598 τοῖς
258 1533 404 1616 σώμασι,
606 1538 650 1603 D.
673 1539 744 1606 τοῖς·
758 1543 882 1625 τιτᾶσι,

103 1620 143 1683 A.
166 1617 210 1684 τὰ
224 1619 376 1701 σώματα,
605 1625 644 1689 A.
667 1625 723 1692 τέι
737 1628 882 1710 τιτᾶνατ,

33 1724 39 1731 “
102 1705 146 1770 V.
169 1702 197 1770 ’ὦ
212 1703 360 1787 σώματα.
603 1709 648 1774 V.
669 1709 697 1776 ὦ
710 1713 849 1779 τιτᾶνει.

254 1916 410 1984 annum
434 1939 484 1984 ne
509 1918 859 1988 lmenmmmmms.

315 2054 371 2118 De
389 2054 591 2118 Accusativo
610 2057 791 2141 singulari.

59 2189 279 2260 Aeeuaatimis
294 2187 418 2263 desinit
433 2188 469 2253 in
484 2215 516 2256 α.
562 2189 802 2276 Εκιίρὶιωιιιν,

100 2352 124 2394 ι.
147 2325 297 2392 Nomina
308 2324 346 2389 in
362 2346 403 2404 m,
418 2333 453 2388 et
469 2349 516 2405 υς,
532 2347 601 2406 αυτ,
618 2332 653 2388 et
668 2349 715 2406 ae,
731 2344 818 2412 pure
832 2326 868 2389 in
883 2328 1048 2410 genitivo,

57 2433 130 2502 quoe
150 2412 300 2478 formant
314 2409 545 2475 accusativum
559 2410 596 2474 in
613 2412 664 2475 ν*
685 2420 736 2492 ut,
762 2409 779 2475 ὁ
802 2408 889 2497 ὄφις,
903 2435 1048 2498 serpens,

56 2500 114 2567 τὸν
133 2496 221 2586 ὅφιν·
253 2492 426 2582 ὁβότρυι,
450 2516 608 2576 racemus,
631 2493 690 2559 τὸν
714 2494 849 2581 βότρυν·
884 2496 904 2577 ἡ
933 2499 1047 2586 γραῦς,

55 2608 151 2667 nnus,
166 2583 227 2665 τὴν
240 2580 354 2670 «γραῦν
379 2577 470 2645 ὁκαὶ
494 2579 607 2662 ἡβὸυ,
632 2581 699 2660 hoe,
724 2577 784 2646 τὸν
808 2579 865 2645 καὶ
889 2581 950 2664 τὴν
969 2584 1046 2663 βέυ.

56 2671 126 2740 Sed
138 2669 211 2751 Δὶς,
225 2670 375 2752 Jupiter,
389 2665 472 2732 feeit
487 2666 563 2731 Δία·
586 2667 683 2747 λᾶαι,
700 2669 798 2753 lamia,
812 2665 895 2734 facit
908 2671 1008 2735 λᾶαν.

96 2831 136 2874 ιι.
160 2804 348 2871 Gravitona
361 2801 398 2867 in
414 2826 444 2868 ιι·
458 2810 493 2865 et
509 2825 555 2883 m,
570 2821 639 2867 non
662 2799 747 2889 pure
773 2800 954 2884 declinata,
965 2822 1044 2951 211ae

52 2905 232 2977 utramque
245 2888 398 2954 retinent
412 2887 700 2969 terminationem,
716 2914 739 2953 α
753 2898 788 2954 et
804 2908 832 2953 v·
854 2899 905 2970 ut,
924 2889 946 2967 ἡ
980 2911 1044 2972 ριν,

51 2980 229 3058 contentio,
252 2973 313 3055 τὴν
332 2970 436 3061 ἔριδα,
461 2981 496 3037 et
519 2970 601 3060 ἔριν·
623 2972 641 3038 ὁ
667 2973 795 3055 νέηλυν,
821 2976 961 3049 advena,
986 2971 1046 3038 τὸν

50 3062 207 3148 νεήλυδα,
222 3070 258 3126 ei
274 3058 402 3139 νέηλυν.

265 3258 284 3296 i*
295 3258 335 3315 At
348 3254 465 3336 Poetiee
478 3255 509 3312 in
521 3272 548 3310 α·
570 3261 615 3322 nt,
628 3255 739 3328 βότρυι,
754 3254 818 3318 βόα.
