<?xml version="1.0" encoding="UTF-8"?>
<!DOCTYPE html PUBLIC "-//W3C//DTD XHTML 1.0 Transitional//EN"
    "http://www.w3.org/TR/xhtml1/DTD/xhtml1-transitional.dtd">
<html xmlns="http://www.w3.org/1999/xhtml" xml:lang="en" lang="en">
 <head>
  <title>
</title>
<meta http-equiv="Content-Type" content="text/html;charset=utf-8" />
  <meta name='ocr-system' content='tesseract 3.04.00' />
  <meta name='ocr-capabilities' content='ocr_page ocr_carea ocr_par ocr_line ocrx_word'/>
</head>
<body>
  <div class='ocr_page' id='page_1' title='image "./graecaegrammati00willgoog_0200.png"; bbox 0 0 2294 3834; ppageno 0'>
   <div class='ocr_carea' id='block_1_1' title="bbox 542 179 604 246">
    <p class='ocr_par' dir='ltr' id='par_1_1' title="bbox 542 179 604 246">
     <span class='ocr_line' id='line_1_1' title="bbox 542 179 604 246; baseline 0.048 -3"><span class='ocrx_word' id='word_1_1' title='bbox 542 179 604 246; x_wconf 79' lang='lat'>186</span> 
     </span>
    </p>
   </div>
   <div class='ocr_carea' id='block_1_2' title="bbox 77 334 1069 591">
    <p class='ocr_par' dir='ltr' id='par_1_2' title="bbox 77 334 1069 591">
     <span class='ocr_line' id='line_1_2' title="bbox 122 334 1068 433; baseline 0.015 -34"><span class='ocrx_word' id='word_1_2' title='bbox 122 334 265 418; x_wconf 82' lang='lat' dir='ltr'><strong>Quando</strong></span> <span class='ocrx_word' id='word_1_3' title='bbox 289 334 515 402; x_wconf 82' lang='lat' dir='ltr'>masculinum</span> <span class='ocrx_word' id='word_1_4' title='bbox 535 336 637 402; x_wconf 87' lang='lat' dir='ltr'>habet</span> <span class='ocrx_word' id='word_1_5' title='bbox 652 347 834 405; x_wconf 80' lang='lat' dir='ltr'>accentum</span> <span class='ocrx_word' id='word_1_6' title='bbox 851 343 893 407; x_wconf 88' lang='lat' dir='ltr'>in</span> <span class='ocrx_word' id='word_1_7' title='bbox 910 354 1068 433; x_wconf 83' lang='lat' dir='ltr'>antepen-</span> 
     </span>
     <span class='ocr_line' id='line_1_3' title="bbox 77 419 1069 517; baseline 0.013 -33"><span class='ocrx_word' id='word_1_8' title='bbox 77 419 198 486; x_wconf 74' lang='lat' dir='ltr'>ultima</span> <span class='ocrx_word' id='word_1_9' title='bbox 211 420 248 485; x_wconf 91' lang='lat' dir='ltr'>in</span> <span class='ocrx_word' id='word_1_10' title='bbox 261 445 329 508; x_wconf 76' lang='lat' dir='ltr'>poe,</span> <span class='ocrx_word' id='word_1_11' title='bbox 342 423 399 487; x_wconf 78' lang='lat' dir='ltr'>vel</span> <span class='ocrx_word' id='word_1_12' title='bbox 413 447 450 487; x_wconf 79' lang='lat' dir='ltr'>aa</span> <span class='ocrx_word' id='word_1_13' title='bbox 462 442 596 508; x_wconf 86' lang='lat' dir='ltr'><strong>purum,</strong></span> <span class='ocrx_word' id='word_1_14' title='bbox 607 424 817 490; x_wconf 81' lang='lat' dir='ltr'>foemininnm</span> <span class='ocrx_word' id='word_1_15' title='bbox 835 429 918 512; x_wconf 74' lang='lat' dir='ltr'>ejus</span> <span class='ocrx_word' id='word_1_16' title='bbox 933 433 1069 517; x_wconf 79' lang='lat' dir='ltr'><strong>longum</strong></span> 
     </span>
     <span class='ocr_line' id='line_1_4' title="bbox 79 505 643 591; baseline 0.007 -21"><span class='ocrx_word' id='word_1_17' title='bbox 79 515 130 570; x_wconf 84' lang='lat' dir='ltr'>est</span> <span class='ocrx_word' id='word_1_18' title='bbox 144 508 180 570; x_wconf 90' lang='lat' dir='ltr'>in</span> <span class='ocrx_word' id='word_1_19' title='bbox 193 507 318 573; x_wconf 62' lang='lat' dir='ltr'>ultima</span> <span class='ocrx_word' id='word_1_20' title='bbox 331 533 339 572; x_wconf 78' lang='grc' dir='ltr'>ι</span> <span class='ocrx_word' id='word_1_21' title='bbox 362 517 413 590; x_wconf 86' lang='lat' dir='ltr'>ut,</span> <span class='ocrx_word' id='word_1_22' title='bbox 428 505 531 591; x_wconf 63' lang='grc' dir='ltr'>ὅηιος,</span> <span class='ocrx_word' id='word_1_23' title='bbox 554 509 643 591; x_wconf 54' lang='grc' dir='ltr'><strong><em>ἁγία.</em></strong></span> 
     </span>
    </p>
   </div>
   <div class='ocr_carea' id='block_1_3' title="bbox 78 616 1070 790">
    <p class='ocr_par' dir='ltr' id='par_1_3' title="bbox 78 616 1070 790">
     <span class='ocr_line' id='line_1_5' title="bbox 112 616 1070 723; baseline 0.013 -42"><span class='ocrx_word' id='word_1_24' title='bbox 112 616 246 723; x_wconf 43' lang='lat' dir='ltr'>pinnis·</span> <span class='ocrx_word' id='word_1_25' title='bbox 253 617 385 704; x_wconf 85' lang='lat' dir='ltr'>syllaba</span> <span class='ocrx_word' id='word_1_26' title='bbox 398 618 617 684; x_wconf 78' lang='lat' dir='ltr'>circumflexa</span> <span class='ocrx_word' id='word_1_27' title='bbox 640 621 746 704; x_wconf 83' lang='lat' dir='ltr'>longa</span> <span class='ocrx_word' id='word_1_28' title='bbox 768 631 823 686; x_wconf 85' lang='lat' dir='ltr'>est</span> <span class='ocrx_word' id='word_1_29' title='bbox 844 627 1004 691; x_wconf 70' lang='lat' dir='ltr'>natura:</span> <span class='ocrx_word' id='word_1_30' title='bbox 1027 638 1070 708; x_wconf 88' lang='lat' dir='ltr'>nt,</span> 
     </span>
     <span class='ocr_line' id='line_1_6' title="bbox 78 724 272 790; baseline 0.005 -22"><span class='ocrx_word' id='word_1_31' title='bbox 78 727 156 788; x_wconf 67' lang='lat' dir='ltr'>avg,</span> <span class='ocrx_word' id='word_1_32' title='bbox 170 724 272 790; x_wconf 70' lang='lat' dir='ltr'>egnes.</span> 
     </span>
    </p>
   </div>
   <div class='ocr_carea' id='block_1_4' title="bbox 427 936 786 1002">
    <p class='ocr_par' dir='ltr' id='par_1_4' title="bbox 427 936 786 1002">
     <span class='ocr_line' id='line_1_7' title="bbox 427 936 786 1002; baseline -0.011 0"><span class='ocrx_word' id='word_1_33' title='bbox 427 936 488 1002; x_wconf 90' lang='lat' dir='ltr'>IV.</span> <span class='ocrx_word' id='word_1_34' title='bbox 513 937 710 1001; x_wconf 82' lang='lat' dir='ltr'>Contractio.</span> <span class='ocrx_word' id='word_1_35' title='bbox 776 958 786 975; x_wconf 73' lang='lat'><strong><em>‘</em></strong></span> 
     </span>
    </p>
   </div>
   <div class='ocr_carea' id='block_1_5' title="bbox 78 1079 1070 1247">
    <p class='ocr_par' dir='ltr' id='par_1_5' title="bbox 78 1079 1070 1247">
     <span class='ocr_line' id='line_1_8' title="bbox 122 1079 1070 1169; baseline 0.002 -23"><span class='ocrx_word' id='word_1_36' title='bbox 122 1080 241 1146; x_wconf 81' lang='lat' dir='ltr'>Omnia</span> <span class='ocrx_word' id='word_1_37' title='bbox 255 1079 397 1167; x_wconf 77' lang='lat' dir='ltr'><strong>syllaba,</strong></span> <span class='ocrx_word' id='word_1_38' title='bbox 413 1103 466 1148; x_wconf 88' lang='lat' dir='ltr'>ex·</span> <span class='ocrx_word' id='word_1_39' title='bbox 482 1084 717 1148; x_wconf 79' lang='lat' dir='ltr'>contractione</span> <span class='ocrx_word' id='word_1_40' title='bbox 739 1082 843 1164; x_wconf 82' lang='lat' dir='ltr'>faeta,</span> <span class='ocrx_word' id='word_1_41' title='bbox 858 1083 979 1169; x_wconf 77' lang='lat' dir='ltr'>longa</span> <span class='ocrx_word' id='word_1_42' title='bbox 1001 1097 1070 1152; x_wconf 86' lang='lat' dir='ltr'>est:</span> 
     </span>
     <span class='ocr_line' id='line_1_9' title="bbox 78 1165 358 1247; baseline 0.007 -17"><span class='ocrx_word' id='word_1_43' title='bbox 78 1176 128 1247; x_wconf 86' lang='lat' dir='ltr'>ut,</span> <span class='ocrx_word' id='word_1_44' title='bbox 144 1165 247 1247; x_wconf 67' lang='grc' dir='ltr'>ἑθόαε,</span> <span class='ocrx_word' id='word_1_45' title='bbox 272 1165 358 1232; x_wconf 71' lang='lat' dir='ltr'>leta.</span> 
     </span>
    </p>
   </div>
   <div class='ocr_carea' id='block_1_6' title="bbox 443 1400 693 1466">
    <p class='ocr_par' dir='ltr' id='par_1_6' title="bbox 443 1400 693 1466">
     <span class='ocr_line' id='line_1_10' title="bbox 443 1400 693 1466; baseline 0 -2"><span class='ocrx_word' id='word_1_46' title='bbox 443 1400 486 1464; x_wconf 91' lang='lat' dir='ltr'>V.</span> <span class='ocrx_word' id='word_1_47' title='bbox 509 1401 693 1466; x_wconf 82' lang='lat' dir='ltr'>Dialeetus.</span> 
     </span>
    </p>
   </div>
   <div class='ocr_carea' id='block_1_7' title="bbox 121 1520 1070 1633">
    <p class='ocr_par' dir='ltr' id='par_1_7' title="bbox 121 1520 1070 1633">
     <span class='ocr_line' id='line_1_11' title="bbox 121 1520 1070 1633; baseline 0.004 -20"><span class='ocrx_word' id='word_1_48' title='bbox 121 1568 127 1574; x_wconf 87' lang='lat'><em>·</em></span> <span class='ocrx_word' id='word_1_49' title='bbox 164 1546 340 1629; x_wconf 83' lang='lat' dir='ltr'><strong>Doricum,</strong></span> <span class='ocrx_word' id='word_1_50' title='bbox 354 1556 473 1614; x_wconf 86' lang='lat' dir='ltr'>natum</span> <span class='ocrx_word' id='word_1_51' title='bbox 495 1569 539 1614; x_wconf 87' lang='lat' dir='ltr'>ex</span> <span class='ocrx_word' id='word_1_52' title='bbox 562 1576 594 1630; x_wconf 81' lang='grc' dir='ltr'>η,</span> <span class='ocrx_word' id='word_1_53' title='bbox 618 1551 760 1632; x_wconf 82' lang='lat' dir='ltr'><strong>longum</strong></span> <span class='ocrx_word' id='word_1_54' title='bbox 785 1559 861 1613; x_wconf 83' lang='lat' dir='ltr'>eat:</span> <span class='ocrx_word' id='word_1_55' title='bbox 885 1558 940 1631; x_wconf 89' lang='lat' dir='ltr'>ut,</span> <span class='ocrx_word' id='word_1_56' title='bbox 964 1520 1070 1633; x_wconf 77' lang='grc' dir='ltr'><em>Τομὰ,</em></span> 
     </span>
    </p>
   </div>
   <div class='ocr_carea' id='block_1_8' title="bbox 78 1631 1070 2430">
    <p class='ocr_par' dir='ltr' id='par_1_8' title="bbox 78 1631 1070 2430">
     <span class='ocr_line' id='line_1_12' title="bbox 273 1631 545 1714; baseline 0.004 -17"><span class='ocrx_word' id='word_1_57' title='bbox 273 1653 312 1699; x_wconf 86' lang='lat' dir='ltr'>ro</span> <span class='ocrx_word' id='word_1_58' title='bbox 328 1631 423 1714; x_wconf 71' lang='grc' dir='ltr'>τομὴ,</span> <span class='ocrx_word' id='word_1_59' title='bbox 437 1637 545 1698; x_wconf 81' lang='lat' dir='ltr'>sectio.</span> 
     </span>
     <span class='ocr_line' id='line_1_13' title="bbox 165 1717 987 1823; baseline 0 -38"><span class='ocrx_word' id='word_1_60' title='bbox 165 1721 335 1786; x_wconf 85' lang='lat' dir='ltr'>AEoheum</span> <span class='ocrx_word' id='word_1_61' title='bbox 349 1720 452 1784; x_wconf 82' lang='lat' dir='ltr'>breve</span> <span class='ocrx_word' id='word_1_62' title='bbox 468 1730 540 1784; x_wconf 85' lang='lat' dir='ltr'>est:</span> <span class='ocrx_word' id='word_1_63' title='bbox 564 1729 614 1801; x_wconf 89' lang='lat' dir='ltr'>ut,</span> <span class='ocrx_word' id='word_1_64' title='bbox 630 1717 766 1804; x_wconf 74' lang='grc' dir='ltr'><strong><em>Νύμφα,</em></strong></span> <span class='ocrx_word' id='word_1_65' title='bbox 781 1737 844 1804; x_wconf 87' lang='lat' dir='ltr'>pro</span> <span class='ocrx_word' id='word_1_66' title='bbox 863 1718 987 1823; x_wconf 56' lang='grc' dir='ltr'>νύμφη.</span> 
     </span>
     <span class='ocr_line' id='line_1_14' title="bbox 78 1804 1069 1892; baseline 0.003 -24"><span class='ocrx_word' id='word_1_67' title='bbox 78 1806 107 1868; x_wconf 88' lang='grc' dir='ltr'>Α</span> <span class='ocrx_word' id='word_1_68' title='bbox 166 1807 320 1870; x_wconf 86' lang='lat' dir='ltr'><strong>lonicum</strong></span> <span class='ocrx_word' id='word_1_69' title='bbox 339 1804 443 1870; x_wconf 86' lang='lat' dir='ltr'>breve</span> <span class='ocrx_word' id='word_1_70' title='bbox 464 1815 516 1871; x_wconf 88' lang='lat' dir='ltr'>est</span> <span class='ocrx_word' id='word_1_71' title='bbox 531 1807 567 1870; x_wconf 91' lang='lat' dir='ltr'>in</span> <span class='ocrx_word' id='word_1_72' title='bbox 581 1805 778 1892; x_wconf 83' lang='lat' dir='ltr'><strong>penultimis</strong></span> <span class='ocrx_word' id='word_1_73' title='bbox 799 1814 1069 1890; x_wconf 71' lang='lat' dir='ltr'>praetentorum,</span> 
     </span>
     <span class='ocr_line' id='line_1_15' title="bbox 208 1888 1047 1978; baseline 0 -22"><span class='ocrx_word' id='word_1_74' title='bbox 208 1900 242 1956; x_wconf 87' lang='lat' dir='ltr'>et</span> <span class='ocrx_word' id='word_1_75' title='bbox 257 1893 293 1956; x_wconf 88' lang='lat' dir='ltr'>in</span> <span class='ocrx_word' id='word_1_76' title='bbox 308 1892 420 1958; x_wconf 84' lang='lat' dir='ltr'>tertiis</span> <span class='ocrx_word' id='word_1_77' title='bbox 433 1892 587 1978; x_wconf 84' lang='lat' dir='ltr'>personis</span> <span class='ocrx_word' id='word_1_78' title='bbox 601 1888 788 1978; x_wconf 86' lang='lat' dir='ltr'><strong>pluralibus</strong></span> <span class='ocrx_word' id='word_1_79' title='bbox 802 1891 972 1975; x_wconf 80' lang='lat' dir='ltr'>passivis:</span> <span class='ocrx_word' id='word_1_80' title='bbox 996 1902 1047 1972; x_wconf 90' lang='lat' dir='ltr'>ut,</span> 
     </span>
     <span class='ocr_line' id='line_1_16' title="bbox 251 1975 598 2086; baseline 0 -44"><span class='ocrx_word' id='word_1_81' title='bbox 251 1976 371 2059; x_wconf 70' lang='grc' dir='ltr'>Γέγαα,</span> <span class='ocrx_word' id='word_1_82' title='bbox 377 1997 448 2086; x_wconf 54' lang='lat' dir='ltr'>fro</span> <span class='ocrx_word' id='word_1_83' title='bbox 464 1975 598 2064; x_wconf 64' lang='grc' dir='ltr'>ιγέιγηκᾳ·</span> 
     </span>
     <span class='ocr_line' id='line_1_17' title="bbox 251 2059 877 2149; baseline -0.002 -23"><span class='ocrx_word' id='word_1_84' title='bbox 251 2064 296 2126; x_wconf 83' lang='lat' dir='ltr'>Et</span> <span class='ocrx_word' id='word_1_85' title='bbox 311 2063 495 2147; x_wconf 78' lang='grc' dir='ltr'>τετυφαἹαι,</span> <span class='ocrx_word' id='word_1_86' title='bbox 509 2083 573 2149; x_wconf 85' lang='lat' dir='ltr'>pro</span> <span class='ocrx_word' id='word_1_87' title='bbox 588 2061 776 2144; x_wconf 77' lang='grc' dir='ltr'>τεΊυμμένοι</span> <span class='ocrx_word' id='word_1_88' title='bbox 799 2059 877 2125; x_wconf 78' lang='grc' dir='ltr'><strong><em>εἰσί.</em></strong></span> 
     </span>
     <span class='ocr_line' id='line_1_18' title="bbox 121 2169 1070 2256; baseline 0.001 -19"><span class='ocrx_word' id='word_1_89' title='bbox 121 2170 250 2237; x_wconf 78' lang='lat' dir='ltr'><strong>Vei-lm</strong></span> <span class='ocrx_word' id='word_1_90' title='bbox 273 2197 295 2232; x_wconf 87' lang='lat' dir='ltr'>a</span> <span class='ocrx_word' id='word_1_91' title='bbox 310 2169 426 2235; x_wconf 68' lang='lat' dir='ltr'>Ionica</span> <span class='ocrx_word' id='word_1_92' title='bbox 450 2173 523 2235; x_wconf 91' lang='lat' dir='ltr'>inte</span> <span class='ocrx_word' id='word_1_93' title='bbox 566 2174 691 2237; x_wconf 87' lang='lat' dir='ltr'>ositum</span> <span class='ocrx_word' id='word_1_94' title='bbox 706 2170 817 2236; x_wconf 85' lang='lat' dir='ltr'><strong>verbis</strong></span> <span class='ocrx_word' id='word_1_95' title='bbox 832 2172 869 2235; x_wconf 88' lang='lat' dir='ltr'>in</span> <span class='ocrx_word' id='word_1_96' title='bbox 885 2171 948 2252; x_wconf 85' lang='grc' dir='ltr'>άω,</span> <span class='ocrx_word' id='word_1_97' title='bbox 964 2175 1070 2256; x_wconf 73' lang='lat' dir='ltr'><strong>longi</strong></span> 
     </span>
     <span class='ocr_line' id='line_1_19' title="bbox 79 2256 1069 2342; baseline -0.001 -19"><span class='ocrx_word' id='word_1_98' title='bbox 79 2256 210 2342; x_wconf 70' lang='lat' dir='ltr'>syllaba</span> <span class='ocrx_word' id='word_1_99' title='bbox 224 2256 458 2337; x_wconf 83' lang='lat' dir='ltr'>antecedente,</span> <span class='ocrx_word' id='word_1_100' title='bbox 473 2278 535 2341; x_wconf 89' lang='lat' dir='ltr'>pro</span> <span class='ocrx_word' id='word_1_101' title='bbox 561 2259 694 2335; x_wconf 85' lang='lat' dir='ltr'>neitur3</span> <span class='ocrx_word' id='word_1_102' title='bbox 721 2267 759 2320; x_wconf 91' lang='lat' dir='ltr'>ut</span> <span class='ocrx_word' id='word_1_103' title='bbox 776 2259 880 2322; x_wconf 89' lang='lat' dir='ltr'>etiam</span> <span class='ocrx_word' id='word_1_104' title='bbox 895 2258 932 2320; x_wconf 89' lang='lat' dir='ltr'>in</span> <span class='ocrx_word' id='word_1_105' title='bbox 956 2261 1069 2324; x_wconf 83' lang='lat' dir='ltr'>tertiis</span> 
     </span>
     <span class='ocr_line' id='line_1_20' title="bbox 79 2341 915 2430; baseline -0.004 -21"><span class='ocrx_word' id='word_1_106' title='bbox 79 2343 233 2430; x_wconf 84' lang='lat' dir='ltr'>personis</span> <span class='ocrx_word' id='word_1_107' title='bbox 249 2342 373 2408; x_wconf 83' lang='lat' dir='ltr'><strong>Ionicis</strong></span> <span class='ocrx_word' id='word_1_108' title='bbox 388 2343 570 2408; x_wconf 83' lang='lat' dir='ltr'>verborum</span> <span class='ocrx_word' id='word_1_109' title='bbox 584 2344 620 2408; x_wconf 90' lang='lat' dir='ltr'>in</span> <span class='ocrx_word' id='word_1_110' title='bbox 635 2364 683 2424; x_wconf 86' lang='grc' dir='ltr'>μι·</span> <span class='ocrx_word' id='word_1_111' title='bbox 706 2352 756 2423; x_wconf 88' lang='lat' dir='ltr'>ut,</span> <span class='ocrx_word' id='word_1_112' title='bbox 772 2341 915 2407; x_wconf 78' lang='grc' dir='ltr'>τιθέασι.</span> 
     </span>
    </p>
   </div>
   <div class='ocr_carea' id='block_1_9' title="bbox 440 2620 709 2682">
    <p class='ocr_par' dir='ltr' id='par_1_9' title="bbox 440 2620 709 2682">
     <span class='ocr_line' id='line_1_21' title="bbox 440 2620 709 2682; baseline 0 -1"><span class='ocrx_word' id='word_1_113' title='bbox 440 2621 501 2682; x_wconf 91' lang='lat' dir='ltr'>VI.</span> <span class='ocrx_word' id='word_1_114' title='bbox 522 2620 709 2682; x_wconf 60' lang='lat' dir='ltr'>Detinetio.</span> 
     </span>
    </p>
   </div>
   <div class='ocr_carea' id='block_1_10' title="bbox 80 2760 1072 2934">
    <p class='ocr_par' dir='ltr' id='par_1_10' title="bbox 80 2760 1072 2934">
     <span class='ocr_line' id='line_1_22' title="bbox 124 2760 1072 2848; baseline -0.006 -20"><span class='ocrx_word' id='word_1_115' title='bbox 124 2760 326 2828; x_wconf 83' lang='lat' dir='ltr'>Derivativa</span> <span class='ocrx_word' id='word_1_116' title='bbox 355 2762 498 2826; x_wconf 86' lang='lat' dir='ltr'>eandem</span> <span class='ocrx_word' id='word_1_117' title='bbox 528 2781 604 2825; x_wconf 83' lang='lat' dir='ltr'>cum</span> <span class='ocrx_word' id='word_1_118' title='bbox 633 2761 813 2848; x_wconf 83' lang='lat' dir='ltr'><strong>primitivis</strong></span> <span class='ocrx_word' id='word_1_119' title='bbox 841 2760 1072 2843; x_wconf 80' lang='lat' dir='ltr'>quantitatem</span> 
     </span>
     <span class='ocr_line' id='line_1_23' title="bbox 80 2848 578 2934; baseline -0.002 -23"><span class='ocrx_word' id='word_1_120' title='bbox 80 2851 279 2934; x_wconf 82' lang='lat' dir='ltr'>plerumque</span> <span class='ocrx_word' id='word_1_121' title='bbox 294 2848 505 2911; x_wconf 81' lang='lat' dir='ltr'>sortiuntur:</span> <span class='ocrx_word' id='word_1_122' title='bbox 528 2857 578 2926; x_wconf 88' lang='lat' dir='ltr'>ut,</span> 
     </span>
    </p>
   </div>
   <div class='ocr_carea' id='block_1_11' title="bbox 168 2943 501 3222">
    <p class='ocr_par' dir='ltr' id='par_1_11' title="bbox 168 2943 501 3222">
     <span class='ocr_line' id='line_1_24' title="bbox 169 2943 433 3023; baseline -0.015 -13"><span class='ocrx_word' id='word_1_123' title='bbox 169 2947 204 3010; x_wconf 92' lang='lat' dir='ltr'><strong>N</strong></span> <span class='ocrx_word' id='word_1_124' title='bbox 205 2943 298 3023; x_wconf 81' lang='grc' dir='ltr'>ικάω,</span> <span class='ocrx_word' id='word_1_125' title='bbox 312 2947 407 3007; x_wconf 81' lang='lat' dir='ltr'>vinco</span> <span class='ocrx_word' id='word_1_126' title='bbox 418 2971 433 3021; x_wconf 90' lang='lat'><em>;</em></span> 
     </span>
     <span class='ocr_line' id='line_1_25' title="bbox 170 3044 450 3123; baseline -0.007 -15"><span class='ocrx_word' id='word_1_127' title='bbox 170 3044 271 3123; x_wconf 81' lang='grc' dir='ltr'><strong><em>Νίκη,</em></strong></span> <span class='ocrx_word' id='word_1_128' title='bbox 286 3046 425 3107; x_wconf 84' lang='lat' dir='ltr'>victoria</span> <span class='ocrx_word' id='word_1_129' title='bbox 436 3070 450 3120; x_wconf 82' lang='lat'>,-</span> 
     </span>
     <span class='ocr_line' id='line_1_26' title="bbox 168 3139 501 3222; baseline -0.009 -16"><span class='ocrx_word' id='word_1_130' title='bbox 168 3139 210 3206; x_wconf 75' lang='grc' dir='ltr'>Ὀ</span> <span class='ocrx_word' id='word_1_131' title='bbox 231 3139 372 3222; x_wconf 48' lang='lat' dir='ltr'>vexatae,</span> <span class='ocrx_word' id='word_1_132' title='bbox 388 3143 501 3206; x_wconf 76' lang='lat' dir='ltr'>victor.</span> 
     </span>
    </p>
   </div>
   <div class='ocr_carea' id='block_1_12' title="bbox 0 0 1155 3834">
    <p class='ocr_par' dir='ltr' id='par_1_12' title="bbox 0 0 1155 3834">
     <span class='ocr_line' id='line_1_27' title="bbox 0 0 1155 3834; baseline 0 0"><span class='ocrx_word' id='word_1_133' title='bbox 0 0 1155 3834; x_wconf 95' lang='lat' dir='ltr'> </span> 
     </span>
    </p>
   </div>
  </div>
 </body>
</html>
